@article{Sirunyan:2017bsh,
author = "{CMS Collaboration}",
title = "{Search for physics beyond the standard model in events with high-momentum Higgs bosons and missing transverse momentum in proton-proton collisions at 13 TeV}",
collaboration  = "CMS",
year = "2017",
eprint = "1712.08501",
archivePrefix = "arXiv",
primaryClass = "hep-ex",
reportNumber = "CMS-SUS-17-006, CERN-EP-2017-322",
SLACcitation = "%%CITATION = ARXIV:1712.08501;%%"
}

@article{PhysRevD.96.032003,
title = "{Search for supersymmetry in multijet events with missing transverse momentum in proton-proton collisions at 13 TeV}",
author = "{CMS Collaboration}",
collaboration = {CMS Collaboration},
journal = {Phys. Rev. D},
volume = {96},
issue = {3},
pages = {032003},
numpages = {38},
year = {2017},
month = {Aug},
publisher = {American Physical Society},
doi = {10.1103/PhysRevD.96.032003},
url = {https://link.aps.org/doi/10.1103/PhysRevD.96.032003}
}

@article{2016152,
author = "{CMS Collaboration}",
title = "{Search for supersymmetry in the multijet and missing transverse momentum final state in pp collisions at 13 TeV}",
journal = "Physics Letters B",
volume = "758",
pages = "152 - 180",
year = "2016",
issn = "0370-2693",
doi = "https://doi.org/10.1016/j.physletb.2016.05.002",
url = "http://www.sciencedirect.com/science/article/pii/S0370269316301496",
keywords = "CMS, Physics, Supersymmetry, Multijets"
}

@article{1126-6708-2008-04-063,
  author={Matteo Cacciari and Gavin P. Salam and Gregory Soyez},
  title={The anti- k t jet clustering algorithm},
  journal={Journal of High Energy Physics},
  volume={2008},
  number={04},
  pages={063},
  url={http://stacks.iop.org/1126-6708/2008/i=04/a=063},
  year={2008},
}

@article{PhysRevD.81.094023,
  title = {Recombination algorithms and jet substructure: Pruning as a tool for heavy particle searches},
  author = {Ellis, Stephen D. and Vermilion, Christopher K. and Walsh, Jonathan R.},
  journal = {Phys. Rev. D},
  volume = {81},
  issue = {9},
  pages = {094023},
  numpages = {32},
  year = {2010},
  month = {May},
  publisher = {American Physical Society},
  doi = {10.1103/PhysRevD.81.094023},
  url = {https://link.aps.org/doi/10.1103/PhysRevD.81.094023}
}
