@misc{ttbar,
note = {\href{https://www-d0.fnal.gov/Run2Physics/top/top\_public\_web\_pages/top\_feynman\_diagrams.html}{https://www-d0.fnal.gov/Run2Physics/top/top\_public\_web\_pages/top\_feynman\_diagrams.html}},
}

@misc{toppt,
note = {\href{https://twiki.cern.ch/CMS/TopPtReweighting}{https://twiki.cern.ch/CMS/TopPtReweighting}},
}

@misc{pu,
title = "{Collisions recorded by the CMS detector on 14 Oct 2016 during the high pile-up fill}",
note = {\href{https://cds.cern.ch/record/2231915}{https://cds.cern.ch/record/2231915}},
}

@techreport{CMS-PAS-BTV-15-001,
      title         = "{Identification of b quark jets at the CMS Experiment in the LHC Run 2}",
      institution   = "CERN",
      collaboration = "CMS Collaboration",
      address       = "Geneva",
      number        = "CMS-PAS-BTV-15-001",
      year          = "2016",
      reportNumber  = "CMS-PAS-BTV-15-001",
      url           = "http://cds.cern.ch/record/2138504",
}

@TECHREPORT{CMS-PAS-BTV-15-002,
      TITLE         = "{Identification of double-b quark jets in boosted event topologies}",
      INSTITUTION   = "CERN",
      COLLABORATION = "CMS Collaboration",
      address       = "Geneva",
      NUMBER        = "CMS-PAS-BTV-15-002",
      YEAR          = "2016",
      REPORTNUMBER  = "CMS-PAS-BTV-15-002",
      URL           = "https://cds.cern.ch/record/2195743",
}

@article{wesszumino,
author = "{J. Wess and B. Zumino}",
title = "{Supergauge transformations in four dimensions}",
journal = "{}",
year = {1974},
volume = {},
number = {},
pages = {},
month = {},
note = {\href{https://arxiv.org/abs/0910.5530}{arXiv:0910.5530}}
}

@article{BTV-16-002,
     author = "Sirunyan, Albert M and others",
     title = "{Identification of heavy-flavour jets with the CMS detector in pp collisions at 13 TeV}",
     collaboration = "CMS",
     journal        = "JINST",
     volume         = "13",
     pages          = "P05011",
     doi              = "10.1088/1748-0221/13/05/P05011",
     year             = "2018",
     eprint           = "1712.07158",
     archivePrefix = "arXiv",
     primaryClass = "physics.ins-det",
     reportNumber = "CMS-BTV-16-002, CERN-EP-2017-326",
     SLACcitation = "%%CITATION = ARXIV:1712.07158;%%",
}

@article{prunedmass,
author = "Stephen D. Ellis, Christopher K. Vermilion, Jonathan R. Walsh",
title = "{Recombination Algorithms and Jet Substructure: Pruning as a Tool for Heavy Particle Searches}",
journal = "{Phys. Rev. D}",
year = {2010},
volume = {},
number = {},
pages = {},
month = {May},
note = {\href{https://arxiv.org/abs/0912.0033}{arXiv:0912.0033}}
}

@book{thomson,
author = "Mark Thomson",
editor = "",
title = "Modern Particle Physics",
publisher = "Cambridge",
year = "2016",
volume = "",
number = "",
series = "",
address = "",
edition = "6",
month = "",
}

@book{halzmar,
author = "Francis Halzen and Alan D. Martin",
editor = "",
title = "Quarks \& Leptons",
publisher = "Wiley",
year = "1984",
volume = "",
number = "",
series = "",
address = "",
edition = "",
month = "",
}

@book{griffiths,
author = "David J. Griffiths",
editor = "",
title = "Introduction to Elementary Particles",
publisher = "Wiley-VCH",
year = "",
volume = "",
number = "",
series = "",
address = "",
edition = "2",
month = "",
}

@article{njet1,
author = "{Jesse Thaler, Ken Van Tilburg}",
title = "{Identifying Boosted Objects with N-subjettiness}",
journal = "{JHEP}",
year = {2011},
volume = {},
number = {},
pages = {},
month = {March},
note = {\href{https://arxiv.org/abs/1011.2268}{arXiv:1011.2268}}
}

@article{miniiso,
author = "{CMS Collaboration}",
title = "{Search for supersymmetry in pp collisions at $\sqrt{s}=13\,\textrm{TeV}$ in the single-lepton final state using the sum of masses of large-radius jets}",
journal = "{JHEP}",
year = {2016},
volume = {},
number = {},
pages = {},
month = {August},
note = {\href{https://arxiv.org/abs/1605.04608}{arXiv:1605.04608}}
}

@article{njet2,
author = "{Jesse Thaler, Ken Van Tilburg}",
title = "{Maximizing Boosted Top Identification by Minimizing N-subjettiness}",
journal = "{JHEP}",
year = {2012},
volume = {},
number = {},
pages = {},
month = {February},
note = {\href{https://arxiv.org/abs/1108.2701}{arXiv:1108.2701}}
}

@article{magnet,
author = "{CMS Collaboration}",
title = "{Precise Mapping of the Magnetic Field in the CMS Barrel Yoke using Cosmic Rays}",
journal = "{}",
year = {},
volume = {},
number = {},
pages = {},
month = {},
note = {\href{https://arxiv.org/abs/0910.5530}{arXiv:0910.5530}}
}

@article{hcalupgrade,
author = "{N. Strobbe}",
title = "{The upgrade of the CMS hadron calorimeter with silicon photomultipliers}",
journal = "{JINST}",
year = {2017},
volume = {12},
number = {},
pages = {},
month = {January},
note = {\href{http://cds.cern.ch/record/2291316}{FERMILAB-CONF-16-501-CMS-E}}
}

@article{newpixel,
author         = "Matzner Dominguez, David Aaron and Abbaneo, D. and Arndt,
                        K. and Bacchetta, N. and Ball, A. and Bartz, E. and Bertl,
                        W. and Bilei, G. M. and Bolla, G. and Cheung, H. W. K. and
                        others ",title = "{CMS Technical Design Report for the Pixel Detector Upgrade}",
journal = "{}",
year = {2012},
volume = {},
number = {},
pages = {},
month = {September},
note = {\href{https://cds.cern.ch/record/1481838/}{CERN-LHCC-2012-016 ; CMS-TDR-11}}
}

@article{rpc,
author = "{Costantini et al.}",
title = "{Uniformity and Stability of the CMS RPC Detector at the LHC}",
journal = "{JINST}",
year = {2013},
volume = {8},
number = {},
pages = {},
month = {},
note = {\href{https://arxiv.org/abs/1209.1989}{arXiv:1209.1989}}
}

@article{dtcellpic,
author = "{CMS Collaboration}",
title = "{The performance of the CMS muon detector in proton-proton collisions at sqrt(s) = 7 TeV at the LHC}",
journal = "{JINST}",
year = {2013},
volume = {8},
number = {},
pages = {},
month = {November},
note = {\href{https://arxiv.org/abs/1306.6905}{arXiv:1306.6905}}
}

@article{alphastrong,
author = "{CMS Collaboration}",
title = "{Constraints on parton distribution functions and extraction of the strong coupling constant from the inclusive jet cross section in pp collisions at sqrt(s) = 7 TeV}",
journal = "{Eur. Phys. J.}",
year = {2015},
volume = {75},
number = {},
pages = {278},
month = {},
note = {\href{https://arxiv.org/abs/1410.6765}{arXiv:1410.6765}}
}

@article{pythiacite,
author = "Torbjörn Sjöstrand and Stefan Ask and Jesper R. Christiansen and Richard Corke and Nishita Desai and Philip Ilten and Stephen Mrenna and Stefan Prestel and Christine O. Rasmussen and Peter Z. Skands",
title = "{An introduction to PYTHIA 8.2}",
journal = {Computer Physics Communications},
year = {2015},
volume = {191},
number = {},
pages = {159-177},
month = {June},
note = {\href{https://arxiv.org/abs/1410.3012}{arXiv:1410.3012}}
}

@article{higgsdisc,
author = "{CMS Collaboration}",
title = "{Observation of a new boson at a mass of 125 GeV with the CMS experiment at the LHC}",
journal = {Phys. Lett. B},
year = {2012},
volume = {716},
number = {1},
pages = {30-61},
month = {September},
note = {\href{https://arxiv.org/abs/1207.7235}{arXiv:1207.7235}}
}

@article{cscperformance,
author = "{CMS Collaboration}",
title = "{Performance of the CMS cathode strip chambers with Cosmic Rays}",
journal = {JINST},
year = {2010},
volume = {5},
number = {},
pages = {},
month = {March},
note = {\href{https://arxiv.org/abs/0911.4992}{arXiv:0911.4992}}
}

@article{dtperformance,
author = "{CMS Collaboration}",
title = "{Performance of the CMS Drift Tube Chambers with Cosmic Rays}",
journal = {JINST},
year = {2010},
volume = {5},
number = {},
pages = {},
month = {March},
note = {\href{https://arxiv.org/abs/0911.4855}{arXiv:0911.4855}}
}


@article{muontdr,
author = "{CMS Collaboration}",
title = "{The CMS Muon Project: Technical Design Report}",
journal = {},
year = {1997},
volume = {},
number = {},
pages = {},
month = {},
note = {\href{https://cds.cern.ch/record/343814}{CERN-LHCC-97-032 ; CMS-TDR-3}}
}

@article{magnettdr,
author = "{CMS Collaboration}",
title = "{The CMS Magnet Project: Technical Design Report}",
journal = {},
year = {1997},
volume = {},
number = {},
pages = {},
month = {},
note = {\href{https://cds.cern.ch/record/331056}{CERN-LHCC-97-010 ; CMS-TDR-1}}
}

@article{hcaltdr,
author = "{CMS Collaboration}",
title = "{The CMS Hadron Calorimeter Project: Technical Design Report}",
journal = {},
year = {1997},
volume = {},
number = {},
pages = {},
month = {},
note = {\href{https://cds.cern.ch/record/357153}{CERN-LHCC-97-031 ; CMS-TDR-2}}
}

@article{cosmichcal,
author = "{CMS Collaboration}",
title = "{Performance of the CMS Hadron Calorimeter with Cosmic Ray Muons and LHC Beam Data}",
journal = {JINST},
year = {2010},
volume = {5},
number = {},
pages = {},
month = {March},
note = {\href{https://arxiv.org/abs/0911.4991}{arXiv:0911.4991}}
}

@article{ecaltdr,
author = "{CMS Collaboration}",
title = "{The CMS Electromagnetic Calorimeter Project: Technical Design Report}",
journal = {},
year = {1997},
volume = {},
number = {},
pages = {},
month = {},
note = {\href{https://cds.cern.ch/record/349375}{CERN-LHCC-97-033 ; CMS-TDR-4}}
}

@article{ecaltdradd,
author = "Bloch, Philippe and Brown, Robert and Lecoq, Paul and Rykaczewski, Hans",
title = "{The CMS Electromagnetic Calorimeter Project: Addendum to the Technical Design Report}",
journal = "",
year = "2002",
volume = "",
number = "",
pages = "",
month = "",
note = "\href{http://cds.cern.ch/record/581342"}{CERN-LHCC-2002-027 ; CMS-TDR-4-add-1}",
}

@article{trackertdr,
author = "{CMS Collaboration}",
title = "{The CMS Tracker Project: Technical Design Report}",
journal = {},
year = {1997},
volume = {},
number = {},
pages = {},
month = {},
note = {\href{https://cds.cern.ch/record/368412}{CERN-LHCC-98-006 ; CMS-TDR-5}}
}

@article{trackertdradd,
author = "{CMS Collaboration}",
title = "{The CMS Tracker Project: Addendum to the Technical Design Report}",
journal = {},
year = {2000},
volume = {},
number = {},
pages = {},
month = {},
note = {\href{https://cds.cern.ch/record/490194}{CERN-LHCC-2000-016 ; CMS-TDR-5-add-1}}
}

@article{trackerreco,
author = "{CMS Collaboration}",
title = "{Description and performance of track and primary-vertex reconstruction with the CMS tracker}",
journal = {JINST},
year = {2014},
volume = {9},
number = {},
pages = {},
month = {October},
note = {\href{https://arxiv.org/abs/1405.6569}{arXiv:1405.6569}}
}

@article{bbtagger,
author = "{CMS Collaboration}",
title = "{Identification of double-b quark jets in boosted event topologies}",
journal = {},
year = {2016},
volume = {},
number = {},
pages = {},
month = {},
note = {\href{http://inspirehep.net/record/1473771}{CMS-PAS-BTV-15-002}}
}

@article{Catani:2003zt,
author = "Catani, Stefano and de Florian, Daniel and Grazzini, Massimiliano and Nason, Paolo",
title = "{Soft gluon resummation for Higgs boson production at hadron colliders}",
journal = "JHEP",
year = "2003",
volume = "07",
number = "",
pages = "028",
month = "",
note = "\href{https://arxiv.org/abs/hep-ph/0306211}{arXiv:hep-ph/0306211}"
}

@article{Ball:2014uwa,
author = "Ball, Richard D. and others",
collaboration  = "NNPDF",
title = "{Parton distributions for the LHC Run II}",
journal = "JHEP",
year = "2015",
volume = "04",
number = "",
pages = "040",
month = "",
note = "\href{https://arxiv.org/abs/1410.8849}{arXiv:1410.8849}"
}

@Article{Agostinelli:2002hh,
author = "Agostinelli, S. and others",
collaboration = "GEANT4",
title = "{GEANT4---a simulation toolkit}",
journal   = "Nucl. Instrum. Meth. A",
year = "2003",
volume = "506",
number = "3",
pages = "250",
month = "July",
note = "\href{https://doi.org/10.1016/S0168-9002(03)01368-8"}{https://doi.org/10.1016/S0168-9002(03)01368-8}"
}

@article{Alwall:2011uj,
author = "Alwall, Johan and Herquet, Michel and Maltoni, Fabio and Mattelaer, Olivier and Stelzer, Tim",
title= "{MadGraph5: going beyond}",
journal= {JHEP},
year = {2011},
volume= {06},
number = "",
pages = "128",
month = "",
note = "\href{https://arxiv.org/abs/1106.0522}{arXiv:1106.0522}"
}

@article{CMS_AN_2016-215,
author = "Belotelov, I. and Golutvin, I. and Bourilkov, D. and Lanyov, A. and Rogalev, E. and Savina, M. and Shmatov, S.",
title = "{Identification and calibration of boosted hadronic W/Z bosons at 13 TeV}",
journal = "",
year = "",
volume = "",
number = "",
pages = "",
month = "",
note = "\href{http://cms.cern.ch/iCMS/user/noteinfo?cmsnoteid=CMS\%20AN-2016/215}{CMS AN-16-215}"
}
@article{Alwall:2014hca,
author         = "Alwall, J. and Frederix, R. and Frixione, S. and Hirschi, V. and Maltoni, F. and Mattelaer, O. and Shao, H.-S. and Stelzer, T. and Torrielli, P. and Zaro, M.",
title          = "{The automated computation of tree-level and next-to-leading order differential cross sections, and their matching to parton shower simulations}",
journal        = "JHEP",
year           = "2014",
volume         = "07",
number = "",
pages          = "079",
month = "",
note = "\href{https://arxiv.org/abs/1405.0301}{arXiv:1405.0301}"
}

@article{Cacciari:2003fi,
author = "Cacciari, M. and Frixione, S. and Mangano, M. L. and Nason, P. and Ridolfi, G.",
title = "{The \ttbar cross-section at 1.8 TeV and 1.96 TeV: A Study of the systematics due to parton densities and scale dependence}",
journal = "JHEP",
year = "2004",
volume = "4",
number = "2004",
pages = "068",
month = "",
note = "\href{https://arxiv.org/abs/hep-ph/0303085}{ arXiv:hep-ph/0303085}"
}

@article{RA2b:Moriond,
author = "{CMS Collaboration}",
title = "{Search for supersymmetry in multijet events with missing transverse momentum in proton-proton collisions at 13 TeV}",
journal = "",
year = "",
volume = "",
number = "",
pages = "",
month = "",
note = "\href{http://cms.cern.ch/iCMS/jsp/db_notes/noteInfo.jsp?cmsnoteid=CMS\%20AN-2016/350}{CMS AN-16-350}"
}

@article{1126-6708-2008-04-063,
author={Matteo Cacciari and Gavin P. Salam and Gregory Soyez},
title="{The anti-kt jet clustering algorithm}",
journal={JHEP},
year={2008},  
volume={},
number={04},
pages={063},
month = {}, 
note = {\href{https://arxiv.org/abs/0802.1189}{arXiv:0802.1189}}
}
	
@article{CMS-SUS-11-016,
author = "{Sabine Kraml, Suchita Kulkarni, Ursula Laa, Andre Lessa, Wolfgang Magerl, Doris Proschofsky-Spindler, Wolfgang Waltenberger}",
title = "{SModelS: a tool for interpreting simplified-model results from the LHC and its application to supersymmetry}",
journal = {The European Physical Journal C},
year = {2014},
volume = {},
number = {},
pages = {},
month = {May},
note = {\href{https://arxiv.org/abs/1312.4175}{arXiv:1312.4175}}
}

@article{CMS-SUS-17-006,
author = "{CMS Collaboration}",
title = "{Search for physics beyond the standard model in events with high-momentum Higgs bosons and missing transverse momentum in proton-proton collisions at 13 TeV}",
journal = "{Phys. Rev. Lett.}",
year = "2018",
volume = "120",
number = "",
pages = "241801",
month = "",
note = "\href{https://arxiv.org/abs/1712.08501}{arXiv:1712.08501}"
}

@article{CMS-SUS-16-044,
author = "{CMS Collaboration}",
title = "{Search for higgsino pair production in pp collisions at $\sqrt{s}=13\,\mathrm{TeV}$ in final states with large missing transverse momentum and two Higgs bosons decaying via $\mathrm{H} \rightarrow b\bar{b}$}",
journal = "{Phys. Rev. D}",
year = "2018",
volume = "97",
number = "",
pages = "032007",
month = "",
note = "\href{https://arxiv.org/abs/1709.04896}{arXiv:1709.04896"}"
}

@article{CMS-SUS-16-033,
author = "{CMS Collaboration}",
title = "{Search for supersymmetry in multijet events with missing transverse momentum in proton-proton collisions at 13 TeV}",
journal = "{Phys. Rev. D}",
year = "2017",
volume = "96",
number = "",
pages = "032003",
month = "",
note = "\href{https://arxiv.org/abs/1704.07781}{arxiv:1704.07781}",
}

@article{CMS-SUS-15-002,
author = "{CMS Collaboration}",
title = "{Search for supersymmetry in the multijet and missing transverse momentum final state in pp collisions at 13 TeV}",
journal = "{Phys. Lett. B}",
year = "2016",
volume = "758",
number = "",
pages = "152",
month = "",
note = "\href{https://arxiv.org/abs/1602.06581}{arXiv:1602.06581}",
}

@article{CMS-PRF-14-001,
author         = "{CMS Collaboration}",
title          = "{Particle-flow reconstruction and global event description with the CMS detector}",
collaboration  = "CMS",
journal     = "JINST",
volume    = "12",
number = "",
pages      = "10003",
year         = "2017",
note = "\href{https://arxiv.org/abs/1706.04965}{arXiv:1706.04965}"
}

@article{Cacciari:2008gp,
author = "Cacciari, Matteo and Salam, Gavin P. and Soyez, Gregory",
title = "{The Anti-k(t) jet clustering algorithm}",
journal = "JHEP",
year = "2008",
volume = "04",
number = {},
pages = "063",
month = {},
note = {},
}

@article{susyprimer,
author = {Stephen P. Martin},
title = "{A Supersymmetry Primer}",
journal = {},
year = {2016},
volume = {},
number = {7},
pages = {58-60},
month = {January},
note = {\href{https://arxiv.org/abs/hep-ph/9709356v7}{arXiv:hep-ph/9709356}},
}

@article{CMS-TRG-12-001,
author = "{CMS Collaboration}",
title = "{The CMS trigger system}",
journal = {JINST},
year = {2017},
volume = {12},
number = {},
pages = {01020},
month = {},
note = {\href{https://arxiv.org/abs/1609.02366}{arXiv:1609.02366}},
}
